@article{DBLP:journals/corr/abs-2106-10689,
  author       = {Peng Wang and
                  Lingjie Liu and
                  Yuan Liu and
                  Christian Theobalt and
                  Taku Komura and
                  Wenping Wang},
  title        = {NeuS: Learning Neural Implicit Surfaces by Volume Rendering for Multi-view
                  Reconstruction},
  journal      = {CoRR},
  volume       = {abs/2106.10689},
  year         = {2021},
  url          = {https://arxiv.org/abs/2106.10689},
  eprinttype    = {arXiv},
  eprint       = {2106.10689},
  timestamp    = {Thu, 10 Nov 2022 11:56:11 +0100},
  biburl       = {https://dblp.org/rec/journals/corr/abs-2106-10689.bib},
  bibsource    = {dblp computer science bibliography, https://dblp.org}
}
@misc{mildenhall2020nerf,
      title={NeRF: Representing Scenes as Neural Radiance Fields for View Synthesis}, 
      author={Ben Mildenhall and Pratul P. Srinivasan and Matthew Tancik and Jonathan T. Barron and Ravi Ramamoorthi and Ren Ng},
      year={2020},
      eprint={2003.08934},
      archivePrefix={arXiv},
      primaryClass={cs.CV}
}

@article{mueller2022instant,
    author = {Thomas M\"uller and Alex Evans and Christoph Schied and Alexander Keller},
    title = {Instant Neural Graphics Primitives with a Multiresolution Hash Encoding},
    journal = {ACM Trans. Graph.},
    issue_date = {July 2022},
    volume = {41},
    number = {4},
    month = jul,
    year = {2022},
    pages = {102:1--102:15},
    articleno = {102},
    numpages = {15},
    url = {https://doi.org/10.1145/3528223.3530127},
    doi = {10.1145/3528223.3530127},
    publisher = {ACM},
    address = {New York, NY, USA}
}
@article{yariv2020multiview,
  title={Multiview neural surface reconstruction by disentangling geometry and appearance},
  author={Yariv, Lior and Kasten, Yoni and Moran, Dror and Galun, Meirav and Atzmon, Matan and Ronen, Basri and Lipman, Yaron},
  journal={Advances in Neural Information Processing Systems},
  volume={33},
  pages={2492--2502},
  year={2020}
}
@misc{chen2023review,
      title={A Review of Deep Learning-Powered Mesh Reconstruction Methods}, 
      author={Zhiqin Chen},
      year={2023},
      eprint={2303.02879},
      archivePrefix={arXiv},
      primaryClass={cs.CV}
}

@article{Chen2018OnSM,
  title={On Self Modulation for Generative Adversarial Networks},
  author={Ting Chen and Mario Lucic and Neil Houlsby and Sylvain Gelly},
  journal={ArXiv},
  year={2018},
  volume={abs/1810.01365},
  url={https://api.semanticscholar.org/CorpusID:52912118}
}
@misc{wu2023neural,
      title={Neural Fourier Filter Bank}, 
      author={Zhijie Wu and Yuhe Jin and Kwang Moo Yi},
      year={2023},
      eprint={2212.01735},
      archivePrefix={arXiv},
      primaryClass={cs.CV}
}
@misc{tancik2020fourier,
      title={Fourier Features Let Networks Learn High Frequency Functions in Low Dimensional Domains}, 
      author={Matthew Tancik and Pratul P. Srinivasan and Ben Mildenhall and Sara Fridovich-Keil and Nithin Raghavan and Utkarsh Singhal and Ravi Ramamoorthi and Jonathan T. Barron and Ren Ng},
      year={2020},
      eprint={2006.10739},
      archivePrefix={arXiv},
      primaryClass={cs.CV}
}
@article{aanaes2016large,
  title={Large-Scale Data for Multiple-View Stereopsis},
  author={Aan{\ae}s, Henrik and Jensen, Rasmus Ramsb{\o}l and Vogiatzis, George and Tola, Engin and Dahl, Anders Bjorholm},
  journal={International Journal of Computer Vision},
  pages={1--16},
  year={2016},
  publisher={Springer}
}

@inproceedings{jiang2013global,
  title={A global linear method for camera pose registration},
  author={Jiang, Nianjuan and Cui, Zhaopeng and Tan, Ping},
  booktitle={Proceedings of the IEEE international conference on computer vision},
  pages={481--488},
  year={2013}
}
@misc{park2019deepsdf,
      title={DeepSDF: Learning Continuous Signed Distance Functions for Shape Representation}, 
      author={Jeong Joon Park and Peter Florence and Julian Straub and Richard Newcombe and Steven Lovegrove},
      year={2019},
      eprint={1901.05103},
      archivePrefix={arXiv},
      primaryClass={cs.CV}
}
@misc{gropp2020implicit,
      title={Implicit Geometric Regularization for Learning Shapes}, 
      author={Amos Gropp and Lior Yariv and Niv Haim and Matan Atzmon and Yaron Lipman},
      year={2020},
      eprint={2002.10099},
      archivePrefix={arXiv},
      primaryClass={cs.LG}
}
@article{marchingcubes,
author = {Lorensen, William and Cline, Harvey},
year = {1987},
month = {08},
pages = {163-},
title = {Marching Cubes: A High Resolution 3D Surface Construction Algorithm},
volume = {21},
isbn = {0897912276},
journal = {ACM SIGGRAPH Computer Graphics},
doi = {10.1145/37401.37422}
}
@inproceedings{schonberger2016structure,
  title={Structure-from-motion revisited},
  author={Schonberger, Johannes L and Frahm, Jan-Michael},
  booktitle={Proceedings of the IEEE conference on computer vision and pattern recognition},
  pages={4104--4113},
  year={2016}
}
@article{DBLP:journals/corr/abs-1905-11911,
  author       = {Matan Atzmon and
                  Niv Haim and
                  Lior Yariv and
                  Ofer Israelov and
                  Haggai Maron and
                  Yaron Lipman},
  title        = {Controlling Neural Level Sets},
  journal      = {CoRR},
  volume       = {abs/1905.11911},
  year         = {2019},
  url          = {http://arxiv.org/abs/1905.11911},
  eprinttype    = {arXiv},
  eprint       = {1905.11911},
  timestamp    = {Mon, 03 Jun 2019 13:42:33 +0200},
  biburl       = {https://dblp.org/rec/journals/corr/abs-1905-11911.bib},
  bibsource    = {dblp computer science bibliography, https://dblp.org}
}
@misc{karras2020analyzing,
      title={Analyzing and Improving the Image Quality of StyleGAN}, 
      author={Tero Karras and Samuli Laine and Miika Aittala and Janne Hellsten and Jaakko Lehtinen and Timo Aila},
      year={2020},
      eprint={1912.04958},
      archivePrefix={arXiv},
      primaryClass={cs.CV}
}