@article{article,
author = {Hachiya, Hirotaka and Saito, Yuki and Iteya, Kazuma and Nomura, Masaya and Nakamura, Takayuki},
year = {2018},
month = {09},
pages = {},
title = {Distance estimation with 2.5D anchors and its application to robot navigation},
volume = {5},
journal = {ROBOMECH Journal},
doi = {10.1186/s40648-018-0119-5}
}

@inproceedings{May2013AddingRC,
  title={Adding Realistic Camera Effects to the Computer Graphics Camera Model},
  author={Ryan May},
  year={2013},
  url={https://api.semanticscholar.org/CorpusID:2807114}
}

@inproceedings{jiang2013global,
  title={A global linear method for camera pose registration},
  author={Jiang, Nianjuan and Cui, Zhaopeng and Tan, Ping},
  booktitle={Proceedings of the IEEE international conference on computer vision},
  pages={481--488},
  year={2013}
}