@article{aanaes2016large,
  title={Large-Scale Data for Multiple-View Stereopsis},
  author={Aan{\ae}s, Henrik and Jensen, Rasmus Ramsb{\o}l and Vogiatzis, George and Tola, Engin and Dahl, Anders Bjorholm},
  journal={International Journal of Computer Vision},
  pages={1--16},
  year={2016},
  publisher={Springer}
}
