@misc{deng2020accurate,
      title={Accurate 3D Face Reconstruction with Weakly-Supervised Learning: From Single Image to Image Set}, 
      author={Yu Deng and Jiaolong Yang and Sicheng Xu and Dong Chen and Yunde Jia and Xin Tong},
      year={2020},
      eprint={1903.08527},
      archivePrefix={arXiv},
      primaryClass={cs.CV}
}
@inproceedings{kolotouros2019convolutional,
  title={Convolutional mesh regression for single-image human shape reconstruction},
  author={Kolotouros, Nikos and Pavlakos, Georgios and Daniilidis, Kostas},
  booktitle={Proceedings of the IEEE/CVF Conference on Computer Vision and Pattern Recognition},
  pages={4501--4510},
  year={2019}
}

@inproceedings{bogo2016keep,
  title={Keep it SMPL: Automatic estimation of 3D human pose and shape from a single image},
  author={Bogo, Federica and Kanazawa, Angjoo and Lassner, Christoph and Gehler, Peter and Romero, Javier and Black, Michael J},
  booktitle={Computer Vision--ECCV 2016: 14th European Conference, Amsterdam, The Netherlands, October 11-14, 2016, Proceedings, Part V 14},
  pages={561--578},
  year={2016},
  organization={Springer}
}
@inproceedings{pavlakos2018learning,
  title={Learning to estimate 3D human pose and shape from a single color image},
  author={Pavlakos, Georgios and Zhu, Luyang and Zhou, Xiaowei and Daniilidis, Kostas},
  booktitle={Proceedings of the IEEE conference on computer vision and pattern recognition},
  pages={459--468},
  year={2018}
}

@inproceedings{wang2018pixel2mesh,
  title={Pixel2mesh: Generating 3d mesh models from single rgb images},
  author={Wang, Nanyang and Zhang, Yinda and Li, Zhuwen and Fu, Yanwei and Liu, Wei and Jiang, Yu-Gang},
  booktitle={Proceedings of the European conference on computer vision (ECCV)},
  pages={52--67},
  year={2018}
}
@inProceedings{wen2019pixel2mesh++,
  title={Pixel2Mesh++: Multi-View 3D Mesh Generation via Deformation},
  author={Chao Wen and Yinda Zhang and Zhuwen Li and Yanwei Fu},
  booktitle={ICCV},
  year={2019}
}

@InProceedings{Zheng2019DeepHuman,
  author = {Zheng, Zerong and Yu, Tao and Wei, Yixuan and Dai, Qionghai and Liu, Yebin},
  title = {DeepHuman: 3D Human Reconstruction from a Single Image},
  booktitle = {The IEEE International Conference on Computer Vision (ICCV)},
  month={October},
  year={2019},
}
@misc{jiang2021shapeflow,
      title={ShapeFlow: Learnable Deformations Among 3D Shapes}, 
      author={Chiyu "Max" Jiang and Jingwei Huang and Andrea Tagliasacchi and Leonidas Guibas},
      year={2021},
      eprint={2006.07982},
      archivePrefix={arXiv},
      primaryClass={cs.CV}
}

@misc{groueix2018atlasnet,
      title={AtlasNet: A Papier-M\^ach\'e Approach to Learning 3D Surface Generation}, 
      author={Thibault Groueix and Matthew Fisher and Vladimir G. Kim and Bryan C. Russell and Mathieu Aubry},
      year={2018},
      eprint={1802.05384},
      archivePrefix={arXiv},
      primaryClass={cs.CV}
}
@misc{liu2015parsenet,
      title={ParseNet: Looking Wider to See Better}, 
      author={Wei Liu and Andrew Rabinovich and Alexander C. Berg},
      year={2015},
      eprint={1506.04579},
      archivePrefix={arXiv},
      primaryClass={cs.CV}
}

@article{Chen_2021,
	doi = {10.1145/3478513.3480518},
  
	url = {https://doi.org/10.1145%2F3478513.3480518},
  
	year = 2021,
	month = {dec},
  
	publisher = {Association for Computing Machinery ({ACM})},
  
	volume = {40},
  
	number = {6},
  
	pages = {1--15},
  
	author = {Zhiqin Chen and Hao Zhang},
  
	title = {Neural marching cubes},
  
	journal = {{ACM} Transactions on Graphics}
}

@article{Wang_2018,
	doi = {10.1145/3272127.3275050},
  
	url = {https://doi.org/10.1145%2F3272127.3275050},
  
	year = 2018,
	month = {dec},
  
	publisher = {Association for Computing Machinery ({ACM})},
  
	volume = {37},
  
	number = {6},
  
	pages = {1--11},
  
	author = {Peng-Shuai Wang and Chun-Yu Sun and Yang Liu and Xin Tong},
  
	title = {Adaptive O-{CNN}
},
  
	journal = {{ACM} Transactions on Graphics}
}
