@misc{wu2023neural,
      title={Neural Fourier Filter Bank}, 
      author={Zhijie Wu and Yuhe Jin and Kwang Moo Yi},
      year={2023},
      eprint={2212.01735},
      archivePrefix={arXiv},
      primaryClass={cs.CV}
}
@article{de2016compression,
  title={Compression of 3D point clouds using a region-adaptive hierarchical transform},
  author={De Queiroz, Ricardo L and Chou, Philip A},
  journal={IEEE Transactions on Image Processing},
  volume={25},
  number={8},
  pages={3947--3956},
  year={2016},
  publisher={IEEE}
}

@article{isik2022lvac,
  title={Lvac: Learned volumetric attribute compression for point clouds using coordinate based networks},
  author={Isik, Berivan and Chou, Philip A and Hwang, Sung Jin and Johnston, Nick and Toderici, George},
  journal={Frontiers in Signal Processing},
  volume={2},
  pages={1008812},
  year={2022},
  publisher={Frontiers}
}

@InProceedings{Rho_2023_CVPR,
    author    = {Rho, Daniel and Lee, Byeonghyeon and Nam, Seungtae and Lee, Joo Chan and Ko, Jong Hwan and Park, Eunbyung},
    title     = {Masked Wavelet Representation for Compact Neural Radiance Fields},
    booktitle = {Proceedings of the IEEE/CVF Conference on Computer Vision and Pattern Recognition (CVPR)},
    month     = {June},
    year      = {2023},
    pages     = {20680-20690}
}