@misc{tancik2020fourier,
      title={Fourier Features Let Networks Learn High Frequency Functions in Low Dimensional Domains}, 
      author={Matthew Tancik and Pratul P. Srinivasan and Ben Mildenhall and Sara Fridovich-Keil and Nithin Raghavan and Utkarsh Singhal and Ravi Ramamoorthi and Jonathan T. Barron and Ren Ng},
      year={2020},
      eprint={2006.10739},
      archivePrefix={arXiv},
      primaryClass={cs.CV}
}
@misc{nuajSphericalHarmonicsPortalWakapon,
	author = {},
	title = {{S}pherical{H}armonics{P}ortal - {W}akapon --- wiki.nuaj.net},
	howpublished = {\url{https://wiki.nuaj.net/index.php?title=SphericalHarmonicsPortal}},
	year = {},
	note = {[Accessed 26-10-2023]},
}