%TODO ADD IDR BIBTEX (based on all publications)
@article{yariv2020multiview,
  title={Multiview neural surface reconstruction by disentangling geometry and appearance},
  author={Yariv, Lior and Kasten, Yoni and Moran, Dror and Galun, Meirav and Atzmon, Matan and Ronen, Basri and Lipman, Yaron},
  journal={Advances in Neural Information Processing Systems},
  volume={33},
  pages={2492--2502},
  year={2020}
}

@misc{atzmon2020sal,
      title={SAL: Sign Agnostic Learning of Shapes from Raw Data}, 
      author={Matan Atzmon and Yaron Lipman},
      year={2020},
      eprint={1911.10414},
      archivePrefix={arXiv},
      primaryClass={cs.CV}
}

@misc{atzmon2020sald,
      title={SALD: Sign Agnostic Learning with Derivatives}, 
      author={Matan Atzmon and Yaron Lipman},
      year={2020},
      eprint={2006.05400},
      archivePrefix={arXiv},
      primaryClass={cs.CV}
}

@article{DBLP:journals/corr/abs-1905-11911,
  author       = {Matan Atzmon and
                  Niv Haim and
                  Lior Yariv and
                  Ofer Israelov and
                  Haggai Maron and
                  Yaron Lipman},
  title        = {Controlling Neural Level Sets},
  journal      = {CoRR},
  volume       = {abs/1905.11911},
  year         = {2019},
  url          = {http://arxiv.org/abs/1905.11911},
  eprinttype    = {arXiv},
  eprint       = {1905.11911},
  timestamp    = {Mon, 03 Jun 2019 13:42:33 +0200},
  biburl       = {https://dblp.org/rec/journals/corr/abs-1905-11911.bib},
  bibsource    = {dblp computer science bibliography, https://dblp.org}
}

@misc{jiang2022sdfdiff,
      title={SDFDiff: Differentiable Rendering of Signed Distance Fields for 3D Shape Optimization}, 
      author={Yue Jiang and Dantong Ji and Zhizhong Han and Matthias Zwicker},
      year={2022},
      eprint={1912.07109},
      archivePrefix={arXiv},
      primaryClass={cs.CV}
}
@misc{liu2020dist,
      title={DIST: Rendering Deep Implicit Signed Distance Function with Differentiable Sphere Tracing}, 
      author={Shaohui Liu and Yinda Zhang and Songyou Peng and Boxin Shi and Marc Pollefeys and Zhaopeng Cui},
      year={2020},
      eprint={1911.13225},
      archivePrefix={arXiv},
      primaryClass={cs.CV}
}
@misc{park2019deepsdf,
      title={DeepSDF: Learning Continuous Signed Distance Functions for Shape Representation}, 
      author={Jeong Joon Park and Peter Florence and Julian Straub and Richard Newcombe and Steven Lovegrove},
      year={2019},
      eprint={1901.05103},
      archivePrefix={arXiv},
      primaryClass={cs.CV}
}
@misc{gropp2020implicit,
      title={Implicit Geometric Regularization for Learning Shapes}, 
      author={Amos Gropp and Lior Yariv and Niv Haim and Matan Atzmon and Yaron Lipman},
      year={2020},
      eprint={2002.10099},
      archivePrefix={arXiv},
      primaryClass={cs.LG}
}

@phdthesis{matusik2003data,
  title={A data-driven reflectance model},
  author={Matusik, Wojciech},
  year={2003},
  school={Massachusetts Institute of Technology}
}
@ARTICLE{6109209,

  author={Berger, Kai and Weidlich, Andrea and Wilkie, Alexander and Magnor, Marcus},

  journal={IEEE Computer Graphics and Applications}, 

  title={Modeling and Verifying the Polarizing Reflectance of Real-World Metallic Surfaces}, 

  year={2012},

  volume={32},

  number={2},

  pages={24-33},

  doi={10.1109/MCG.2011.110}}

@misc{sitzmann2020scene,
      title={Scene Representation Networks: Continuous 3D-Structure-Aware Neural Scene Representations}, 
      author={Vincent Sitzmann and Michael Zollhöfer and Gordon Wetzstein},
      year={2020},
      eprint={1906.01618},
      archivePrefix={arXiv},
      primaryClass={cs.CV}
}
@misc{chen2023review,
      title={A Review of Deep Learning-Powered Mesh Reconstruction Methods}, 
      author={Zhiqin Chen},
      year={2023},
      eprint={2303.02879},
      archivePrefix={arXiv},
      primaryClass={cs.CV}
}
@ARTICLE{5226635,

  author={Furukawa, Yasutaka and Ponce, Jean},

  journal={IEEE Transactions on Pattern Analysis and Machine Intelligence}, 

  title={Accurate, Dense, and Robust Multiview Stereopsis}, 

  year={2010},

  volume={32},

  number={8},

  pages={1362-1376},

  doi={10.1109/TPAMI.2009.161}}
@article{tang2018ba,
  title={Ba-net: Dense bundle adjustment network},
  author={Tang, Chengzhou and Tan, Ping},
  journal={arXiv preprint arXiv:1806.04807},
  year={2018}
}
@inproceedings{triggs2000bundle,
  title={Bundle adjustment—a modern synthesis},
  author={Triggs, Bill and McLauchlan, Philip F and Hartley, Richard I and Fitzgibbon, Andrew W},
  booktitle={Vision Algorithms: Theory and Practice: International Workshop on Vision Algorithms Corfu, Greece, September 21--22, 1999 Proceedings},
  pages={298--372},
  year={2000},
  organization={Springer}
}
