@article{marchingcubes,
author = {Lorensen, William and Cline, Harvey},
year = {1987},
month = {08},
pages = {163-},
title = {Marching Cubes: A High Resolution 3D Surface Construction Algorithm},
volume = {21},
isbn = {0897912276},
journal = {ACM SIGGRAPH Computer Graphics},
doi = {10.1145/37401.37422}
}