@misc{mildenhall2020nerf,
      title={NeRF: Representing Scenes as Neural Radiance Fields for View Synthesis}, 
      author={Ben Mildenhall and Pratul P. Srinivasan and Matthew Tancik and Jonathan T. Barron and Ravi Ramamoorthi and Ren Ng},
      year={2020},
      eprint={2003.08934},
      archivePrefix={arXiv},
      primaryClass={cs.CV}
}
@misc{peng2023intrinsicngp,
      title={IntrinsicNGP: Intrinsic Coordinate based Hash Encoding for Human NeRF}, 
      author={Bo Peng and Jun Hu and Jingtao Zhou and Xuan Gao and Juyong Zhang},
      year={2023},
      eprint={2302.14683},
      archivePrefix={arXiv},
      primaryClass={cs.CV}
}