@article{DBLP:journals/corr/abs-2106-10689,
  author       = {Peng Wang and
                  Lingjie Liu and
                  Yuan Liu and
                  Christian Theobalt and
                  Taku Komura and
                  Wenping Wang},
  title        = {NeuS: Learning Neural Implicit Surfaces by Volume Rendering for Multi-view
                  Reconstruction},
  journal      = {CoRR},
  volume       = {abs/2106.10689},
  year         = {2021},
  url          = {https://arxiv.org/abs/2106.10689},
  eprinttype    = {arXiv},
  eprint       = {2106.10689},
  timestamp    = {Thu, 10 Nov 2022 11:56:11 +0100},
  biburl       = {https://dblp.org/rec/journals/corr/abs-2106-10689.bib},
  bibsource    = {dblp computer science bibliography, https://dblp.org}
}

@misc{yao2023geometryguided,
      title={Geometry-Guided Ray Augmentation for Neural Surface Reconstruction with Sparse Views}, 
      author={Jiawei Yao and Chen Wang and Tong Wu and Chuming Li},
      year={2023},
      eprint={2310.05483},
      archivePrefix={arXiv},
      primaryClass={cs.CV}
}
@inproceedings{curless1996volumetric,
  title={A volumetric method for building complex models from range images},
  author={Curless, Brian and Levoy, Marc},
  booktitle={Proceedings of the 23rd annual conference on Computer graphics and interactive techniques},
  pages={303--312},
  year={1996}
}

@inproceedings{kazhdan2006poisson,
  title={Poisson surface reconstruction},
  author={Kazhdan, Michael and Bolitho, Matthew and Hoppe, Hugues},
  booktitle={Proceedings of the fourth Eurographics symposium on Geometry processing},
  volume={7},
  pages={0},
  year={2006}
}
@inproceedings{huang2018deepmvs,
  title={Deepmvs: Learning multi-view stereopsis},
  author={Huang, Po-Han and Matzen, Kevin and Kopf, Johannes and Ahuja, Narendra and Huang, Jia-Bin},
  booktitle={Proceedings of the IEEE Conference on Computer Vision and Pattern Recognition},
  pages={2821--2830},
  year={2018}
}
@misc{yao2018mvsnet,
      title={MVSNet: Depth Inference for Unstructured Multi-view Stereo}, 
      author={Yao Yao and Zixin Luo and Shiwei Li and Tian Fang and Long Quan},
      year={2018},
      eprint={1804.02505},
      archivePrefix={arXiv},
      primaryClass={cs.CV}
}

@inproceedings{leroy2018shape,
  title={Shape reconstruction using volume sweeping and learned photoconsistency},
  author={Leroy, Vincent and Franco, Jean-S{\'e}bastien and Boyer, Edmond},
  booktitle={Proceedings of the European Conference on Computer Vision (ECCV)},
  pages={781--796},
  year={2018}
}
@inproceedings{yao2019recurrent,
  title={Recurrent mvsnet for high-resolution multi-view stereo depth inference},
  author={Yao, Yao and Luo, Zixin and Li, Shiwei and Shen, Tianwei and Fang, Tian and Quan, Long},
  booktitle={Proceedings of the IEEE/CVF conference on computer vision and pattern recognition},
  pages={5525--5534},
  year={2019}
}
@inproceedings{sitzmann2019siren,
                author = {Sitzmann, Vincent
                          and Martel, Julien N.P.
                          and Bergman, Alexander W.
                          and Lindell, David B.
                          and Wetzstein, Gordon},
                title = {Implicit Neural Representations
                          with Periodic Activation Functions},
                booktitle = {Proc. NeurIPS},
                year={2020}
            }