@InProceedings{Chen_2019_CVPR,
author = {Chen, Zhiqin and Zhang, Hao},
title = {Learning Implicit Fields for Generative Shape Modeling},
booktitle = {Proceedings of the IEEE/CVF Conference on Computer Vision and Pattern Recognition (CVPR)},
month = {June},
year = {2019}
} 

@misc{sima2023scene,
      title={Scene as Occupancy}, 
      author={Chonghao Sima and Wenwen Tong and Tai Wang and Li Chen and Silei Wu and Hanming Deng and Yi Gu and Lewei Lu and Ping Luo and Dahua Lin and Hongyang Li},
      year={2023},
      eprint={2306.02851},
      archivePrefix={arXiv},
      primaryClass={cs.CV}
}
@inproceedings{mescheder2019occupancy,
  title={Occupancy networks: Learning 3d reconstruction in function space},
  author={Mescheder, Lars and Oechsle, Michael and Niemeyer, Michael and Nowozin, Sebastian and Geiger, Andreas},
  booktitle={Proceedings of the IEEE/CVF conference on computer vision and pattern recognition},
  pages={4460--4470},
  year={2019}
}
@misc{chen2020bspnet,
      title={BSP-Net: Generating Compact Meshes via Binary Space Partitioning}, 
      author={Zhiqin Chen and Andrea Tagliasacchi and Hao Zhang},
      year={2020},
      eprint={1911.06971},
      archivePrefix={arXiv},
      primaryClass={cs.CV}
}
@misc{choy20163dr2n2,
      title={3D-R2N2: A Unified Approach for Single and Multi-view 3D Object Reconstruction}, 
      author={Christopher B. Choy and Danfei Xu and JunYoung Gwak and Kevin Chen and Silvio Savarese},
      year={2016},
      eprint={1604.00449},
      archivePrefix={arXiv},
      primaryClass={cs.CV}
}
@misc{yu2021caprinet,
      title={CAPRI-Net: Learning Compact CAD Shapes with Adaptive Primitive Assembly}, 
      author={Fenggen Yu and Zhiqin Chen and Manyi Li and Aditya Sanghi and Hooman Shayani and Ali Mahdavi-Amiri and Hao Zhang},
      year={2021},
      eprint={2104.05652},
      archivePrefix={arXiv},
      primaryClass={cs.CV}
}
@misc{ren2022extrudenet,
      title={ExtrudeNet: Unsupervised Inverse Sketch-and-Extrude for Shape Parsing}, 
      author={Daxuan Ren and Jianmin Zheng and Jianfei Cai and Jiatong Li and Junzhe Zhang},
      year={2022},
      eprint={2209.15632},
      archivePrefix={arXiv},
      primaryClass={cs.CV}
}
@article{Sharp2020PointTriNetLT,
  title={PointTriNet: Learned Triangulation of 3D Point Sets},
  author={Nicholas Sharp and Maks Ovsjanikov},
  journal={ArXiv},
  year={2020},
  volume={abs/2005.02138},
  url={https://api.semanticscholar.org/CorpusID:218502297}
}
@misc{nash2020polygen,
      title={PolyGen: An Autoregressive Generative Model of 3D Meshes}, 
      author={Charlie Nash and Yaroslav Ganin and S. M. Ali Eslami and Peter W. Battaglia},
      year={2020},
      eprint={2002.10880},
      archivePrefix={arXiv},
      primaryClass={cs.GR}
}
@misc{lin2020modeling,
      title={Modeling 3D Shapes by Reinforcement Learning}, 
      author={Cheng Lin and Tingxiang Fan and Wenping Wang and Matthias Nie√üner},
      year={2020},
      eprint={2003.12397},
      archivePrefix={arXiv},
      primaryClass={cs.CV}
}
@misc{liu2019learning,
      title={Learning to Infer Implicit Surfaces without 3D Supervision}, 
      author={Shichen Liu and Shunsuke Saito and Weikai Chen and Hao Li},
      year={2019},
      eprint={1911.00767},
      archivePrefix={arXiv},
      primaryClass={cs.CV}
}
@inproceedings{schonberger2016pixelwise,
  title={Pixelwise view selection for unstructured multi-view stereo},
  author={Sch{\"o}nberger, Johannes L and Zheng, Enliang and Frahm, Jan-Michael and Pollefeys, Marc},
  booktitle={Computer Vision--ECCV 2016: 14th European Conference, Amsterdam, The Netherlands, October 11-14, 2016, Proceedings, Part III 14},
  pages={501--518},
  year={2016},
  organization={Springer}
}
@inproceedings{campbell2008using,
  title={Using multiple hypotheses to improve depth-maps for multi-view stereo},
  author={Campbell, Neill DF and Vogiatzis, George and Hern{\'a}ndez, Carlos and Cipolla, Roberto},
  booktitle={Computer Vision--ECCV 2008: 10th European Conference on Computer Vision, Marseille, France, October 12-18, 2008, Proceedings, Part I 10},
  pages={766--779},
  year={2008},
  organization={Springer}
}
@article{tola2012efficient,
  title={Efficient large-scale multi-view stereo for ultra high-resolution image sets},
  author={Tola, Engin and Strecha, Christoph and Fua, Pascal},
  journal={Machine Vision and Applications},
  volume={23},
  pages={903--920},
  year={2012},
  publisher={Springer}
}

@inproceedings{merrell2007real,
  title={Real-time visibility-based fusion of depth maps},
  author={Merrell, Paul and Akbarzadeh, Amir and Wang, Liang and Mordohai, Philippos and Frahm, Jan-Michael and Yang, Ruigang and Nist{\'e}r, David and Pollefeys, Marc},
  booktitle={2007 IEEE 11th International Conference on Computer Vision},
  pages={1--8},
  year={2007},
  organization={Ieee}
}
@inproceedings{riegler2017octnetfusion,
  title={Octnetfusion: Learning depth fusion from data},
  author={Riegler, Gernot and Ulusoy, Ali Osman and Bischof, Horst and Geiger, Andreas},
  booktitle={2017 International Conference on 3D Vision (3DV)},
  pages={57--66},
  year={2017},
  organization={IEEE}
}

@inproceedings{donne2019learning,
  title={Learning non-volumetric depth fusion using successive reprojections},
  author={Donne, Simon and Geiger, Andreas},
  booktitle={Proceedings of the IEEE/CVF Conference on Computer Vision and Pattern Recognition},
  pages={7634--7643},
  year={2019}
}
@incollection{snavely2006photo,
  title={Photo tourism: exploring photo collections in 3D},
  author={Snavely, Noah and Seitz, Steven M and Szeliski, Richard},
  booktitle={ACM siggraph 2006 papers},
  pages={835--846},
  year={2006}
}
@inproceedings{schonberger2016structure,
  title={Structure-from-motion revisited},
  author={Schonberger, Johannes L and Frahm, Jan-Michael},
  booktitle={Proceedings of the IEEE conference on computer vision and pattern recognition},
  pages={4104--4113},
  year={2016}
}
@inproceedings{kasten2019algebraic,
  title={Algebraic characterization of essential matrices and their averaging in multiview settings},
  author={Kasten, Yoni and Geifman, Amnon and Galun, Meirav and Basri, Ronen},
  booktitle={Proceedings of the IEEE/CVF International Conference on Computer Vision},
  pages={5895--5903},
  year={2019}
}

@inproceedings{peng2020convolutional,
  title={Convolutional occupancy networks},
  author={Peng, Songyou and Niemeyer, Michael and Mescheder, Lars and Pollefeys, Marc and Geiger, Andreas},
  booktitle={Computer Vision--ECCV 2020: 16th European Conference, Glasgow, UK, August 23--28, 2020, Proceedings, Part III 16},
  pages={523--540},
  year={2020},
  organization={Springer}
}
@inproceedings{chibane2020implicit,
  title={Implicit functions in feature space for 3d shape reconstruction and completion},
  author={Chibane, Julian and Alldieck, Thiemo and Pons-Moll, Gerard},
  booktitle={Proceedings of the IEEE/CVF conference on computer vision and pattern recognition},
  pages={6970--6981},
  year={2020}
}

@article{lowe2004distinctive,
  title={Distinctive image features from scale-invariant keypoints},
  author={Lowe, David G},
  journal={International journal of computer vision},
  volume={60},
  pages={91--110},
  year={2004},
  publisher={Springer}
}



@book{hartley2003multiple,
  title={Multiple view geometry in computer vision},
  author={Hartley, Richard and Zisserman, Andrew},
  year={2003},
  publisher={Cambridge university press}
}
