@article{shader-hologram,
author = {Kurihara, Takayuki and Takaki, Yasuhiro},
year = {2012},
month = {02},
pages = {3529-40},
title = {Shading of a computer-generated hologram by zone plate modulation},
volume = {20},
journal = {Optics express},
doi = {10.1364/OE.20.003529}
}