@misc{tinycudann,
    author = {Thomas M\"uller},
    title = {{tiny-cuda-nn} - Pytorch Extension Library based on Fully Fused MLPs},
    howpublished = {\url{https://github.com/NVlabs/tiny-cuda-nn}},
    year = {2021},
    month = {4},
    note = {Version 1.7},
    license = {BSD-3-Clause}
}
