@article{JohnHartSphereTracing,
author = {Hart, John},
year = {1995},
month = {06},
pages = {},
title = {Sphere Tracing: A Geometric Method for the Antialiased Ray Tracing of Implicit Surfaces},
volume = {12},
journal = {The Visual Computer},
doi = {10.1007/s003710050084}
}

@article{marchingcubes3d,
  author = {Montani, Claudio and Scateni, Riccardo and Scopigno, Roberto},
  title = {A modification of Marching Cubes contouring algorithm},
  journal = {Computer Graphics Forum},
  volume = {13},
  number = {3},
  year = {1994},
  pages = {65-72},
  doi = {10.1111/1467-8659.1330065}
}
